%! Author = frede
%! Date = 19/11/2022

